<?xml version="1.0" encoding="UTF-8"?>
<SOAP-ENV:Envelope xmlns:SOAP-ENV="http://schemas.xmlsoap.org/soap/envelope/" xmlns:of="http://oss.dbc.dk/ns/openformat" xmlns:ofo="http://oss.dbc.dk/ns/openformatoutput"><SOAP-ENV:Body><of:formatResponse><marc:record xmlns:marc="http://www.loc.gov/MARC21/slim"><leader>00000nac a22000000c 4500</leader><controlfield tag="001">870970:06196470</controlfield><controlfield tag="003">DKDLA</controlfield><controlfield tag="005">20010128224732.0</controlfield><controlfield tag="007">ta</controlfield><controlfield tag="008">850315s1985    dk |||||d|||| 00||pdan||</controlfield><datafield ind1="1" ind2=" " tag="100"><subfield code="a">Brøgger, Suzanne</subfield></datafield><datafield ind1=" " ind2="0" tag="245"><subfield code="a">Tone :</subfield><subfield code="b">epos</subfield><subfield code="?">MagnaPrintserien</subfield></datafield><datafield ind1=" " ind2=" " tag="250"><subfield code="a">MagnaPrintudgave</subfield></datafield><datafield ind1=" " ind2=" " tag="260"><subfield code="b">Borgen :</subfield><subfield code="b">i samarbejde med Nyt Dansk Litteraturselskab,</subfield><subfield code="c">1985</subfield></datafield><datafield ind1=" " ind2=" " tag="300"><subfield code="a">146 sider</subfield></datafield><datafield ind1=" " ind2=" " tag="490"><subfield code="a">MagnaPrintserien ;</subfield><subfield code="v">nr. 226</subfield></datafield></marc:record></of:formatResponse></SOAP-ENV:Body></SOAP-ENV:Envelope>
